%% This BibTeX bibliography file was created using BibDesk.
%% http://bibdesk.sourceforge.net/


%% Created for Jeremy Clark at 2014-12-02 15:30:18 -0500 


%% Saved with string encoding Unicode (UTF-8) 



@article{Herley.2012,
	Author = {Herley, Cormac and van Oorschot, Paul C},
	Date-Modified = {2014-12-02 20:30:18 +0000},
	Journal = {IEEE Security {\&} Privacy},
	Number = {1},
	Pages = {28--36},
	Title = {{A Research Agenda Acknowledging the Persistence of Passwords}},
	Volume = {10},
	Year = {2012}}

@inproceedings{GFF06,
	Author = {Gaw, Shirley and Felten, Edward W. and Fernandez-Kelly, Patricia},
	Booktitle = {CHI},
	Date-Added = {2014-06-08 20:04:34 +0000},
	Date-Modified = {2014-06-08 20:05:10 +0000},
	Title = {Secrecy, Flagging, and Paranoia: Adoption Criteria in Encrypted Email},
	Year = {2006},
	Bdsk-Url-1 = {http://doi.acm.org/10.1145/1124772.1124862},
	Bdsk-Url-2 = {http://dx.doi.org/10.1145/1124772.1124862}}

@inproceedings{GMSN+05,
	Author = {Garfinkel, Simson L. and Margrave, David and Schiller, Jeffrey I. and Nordlander, Erik and Miller, Robert C.},
	Booktitle = {CHI},
	Date-Added = {2014-06-08 20:00:54 +0000},
	Date-Modified = {2014-06-08 20:01:50 +0000},
	Title = {How to Make Secure Email Easier to Use},
	Year = {2005},
	Bdsk-Url-1 = {http://doi.acm.org/10.1145/1054972.1055069},
	Bdsk-Url-2 = {http://dx.doi.org/10.1145/1054972.1055069}}

@inproceedings{SBKH06,
	Author = {Steve Sheng and Levi Broderick and Colleen Alison Koranda and Jeremy J. Hyland},
	Booktitle = {SOUPS (Poster)},
	Date-Added = {2014-06-08 19:57:26 +0000},
	Date-Modified = {2014-06-08 20:15:49 +0000},
	Title = {Why {J}ohnny Still Can't Encrypt: Evaluating the Usability of Email Encryption Software},
	Year = {2006}}

@inproceedings{GM05,
	Author = {Garfinkel, Simson L. and Miller, Robert C.},
	Booktitle = {SOUPS},
	Date-Added = {2014-06-08 19:46:59 +0000},
	Date-Modified = {2014-06-08 20:16:14 +0000},
	Title = {{J}ohnny 2: A User Test of Key Continuity Management with {S/MIME} and Outlook Express},
	Year = {2005},
	Bdsk-Url-1 = {http://doi.acm.org/10.1145/1073001.1073003},
	Bdsk-Url-2 = {http://dx.doi.org/10.1145/1073001.1073003}}

@article{FH12,
	Author = {Florencio, D. and Herley, C.},
	Date-Added = {2014-06-08 19:41:25 +0000},
	Date-Modified = {2014-06-08 19:42:08 +0000},
	Journal = {IEEE Security \& Privacy},
	Number = {6},
	Title = {Is Everything We Know about Password Stealing Wrong?},
	Volume = {10},
	Year = {2012},
	Bdsk-Url-1 = {http://dx.doi.org/10.1109/MSP.2012.57}}

@inproceedings{COB06,
	Author = {Sonia Chiasson and Paul C. van Oorschot and Robert Biddle},
	Booktitle = {USENIX Security},
	Date-Added = {2014-06-08 19:37:58 +0000},
	Date-Modified = {2014-06-08 19:38:46 +0000},
	Title = {A usability study and critique of two password managers},
	Year = {2006}}

@article{Cra03,
	Author = {Cranor, Lorrie Faith},
	Date-Added = {2014-06-08 19:36:59 +0000},
	Date-Modified = {2014-06-08 19:41:57 +0000},
	Journal = {IEEE Security \& Privacy},
	Number = {6},
	Title = {P3P: Making Privacy Policies More Useful},
	Volume = {1},
	Year = {2003}}

@incollection{KBK05,
	Author = {C.~Karat and C.~Brodie and J.~Karat.},
	Booktitle = {Security and Usability},
	Date-Added = {2014-06-08 19:33:27 +0000},
	Date-Modified = {2014-06-08 19:34:33 +0000},
	Publisher = {O'Reilly},
	Title = {Usability design and evaluation for privacy and security solutions},
	Year = {2005}}

@incollection{WRLP94,
	Author = {C.~Wharton and J.~Rieman and C.~Lewis and P.~Polson},
	Booktitle = {Usability Inspection},
	Date-Added = {2014-06-08 19:30:57 +0000},
	Date-Modified = {2014-06-08 19:31:53 +0000},
	Publisher = {Wiley \& Sons},
	Title = {The cognitive walkthrough method: a practitioner's guide},
	Year = {1994}}

@inproceedings{COA07,
	Author = {Jeremy Clark and Paul C. van Oorschot and Carlisle Adams},
	Booktitle = {SOUPS},
	Date-Added = {2014-06-08 19:28:52 +0000},
	Date-Modified = {2014-06-08 19:29:27 +0000},
	Title = {Usability of Anonymous Web Browsing: An Examination of Tor Interfaces and Deployability},
	Year = {2007}}

@inproceedings{WT99,
	Author = {A.~Whitten and J.~D. Tygar},
	Booktitle = {USENIX Security},
	Date-Added = {2014-06-08 19:27:27 +0000},
	Date-Modified = {2014-06-08 20:16:07 +0000},
	Title = {Why {J}ohnny can't encrypt: a usability evaluation of {PGP} 5.0},
	Year = {1999}}

@inproceedings{DCBW12,
	Author = {M. Dietz and A. Czeskis and D. Balfanz and D. S. Wallach},
	Booktitle = {USENIX Security},
	Date-Added = {2014-06-08 19:25:26 +0000},
	Date-Modified = {2014-06-08 19:25:26 +0000},
	Title = {Origin-Bound Certificates: A Fresh Approach to Strong Client Authentication for the Web},
	Year = {2012}}

@inproceedings{BHOS12,
	Author = {Bonneau, J and Herley, C and van Oorschot, P C and Stajano, F},
	Booktitle = {IEEE Symposium on Security and Privacy},
	Date-Modified = {2014-12-02 20:29:20 +0000},
	Title = {The quest to replace passwords: a framework for comparative evaluation of web authentication schemes},
	Year = {2012}}

@inproceedings{AKRSC13,
	Author = {Androulaki, Elli and Karame, Ghassan O and Roeschlin, Marc and Scherer, Tobias and Capkun, Srdjan},
	Booktitle = {Financial Cryptography},
	Date-Added = {2014-06-08 19:20:47 +0000},
	Date-Modified = {2014-06-08 19:20:47 +0000},
	Title = {{Evaluating User Privacy in Bitcoin}},
	Year = 2013}

@inproceedings{MPJL+13,
	Author = {Meiklejohn, Sarah and Pomarole, Marjori and Jordan, Grant and Levchenko, Kirill and McCoy, Damon and Voelker, Geoffrey M and Savage, Stefan},
	Booktitle = {{IMC}},
	Date-Added = {2014-06-08 19:20:47 +0000},
	Date-Modified = {2014-06-08 19:20:47 +0000},
	Title = {{A fistful of bitcoins: characterizing payments among men with no names}},
	Year = {2013}}

@inproceedings{BNMC+14,
	Author = {Joseph Bonneau and Arvind Narayanan and Andrew Miller and Jeremy Clark and Joshua A. Kroll and Edward W. Felten},
	Booktitle = {Financial Cryptography},
	Date-Added = {2014-06-08 19:20:47 +0000},
	Date-Modified = {2014-06-08 19:20:47 +0000},
	Title = {Mixcoin: Anonymity for Bitcoin with Accountable Mixes},
	Year = {2014}}

@inproceedings{MGGR13,
	Author = {Miers, Ian and Garman, Christina and Green, Matthew and Rubin, Aviel D},
	Booktitle = {IEEE Symposium on Security and Privacy},
	Date-Added = {2014-06-08 19:20:27 +0000},
	Date-Modified = {2014-12-02 20:29:27 +0000},
	Title = {{Zerocoin: Anonymous Distributed E-Cash from Bitcoin}},
	Year = {2013}}

@inproceedings{Cha82,
	Author = {Chaum, David},
	Booktitle = {{CRYPTO}},
	Date-Added = {2014-06-08 19:20:08 +0000},
	Date-Modified = {2014-06-08 19:20:08 +0000},
	Title = {{Blind signatures for untraceable payments}},
	Year = {1982}}

@misc{Nak08,
	Author = {S Nakamoto},
	Date-Added = {2011-09-15 13:46:23 -0400},
	Date-Modified = {2011-09-15 13:56:12 -0400},
	Howpublished = {Unpublished},
	Title = {Bitcoin: A peer-to-peer electionic cash system},
	Year = {2008}}

@inproceedings{BKM05,
	Author = {Baker, Mary and Keeton, Kimberly and Martin, Sean},
	Booktitle = {HotDep},
	Date-Modified = {2014-06-08 19:18:54 +0000},
	Title = {Why traditional storage systems don't help us save stuff forever},
	Year = {2005}}

@article{ecdsa,
	Author = {Vanstone, S.},
	Journal = {Communications of the ACM},
	Pages = {50--52},
	Title = {{Responses to NIST's Proposal}},
	Volume = {35},
	Year = {1992}}

@misc{coinbit,
	Author = {{Symantec}},
	Howpublished = {\url{http://www.symantec.com/security_response/writeup.jsp?docid=2011-061615-3651-99}},
	Title = {{Infostealer.Coinbit}}}

@inproceedings{Barber2012,
	Author = {Barber, Simon and Boyen, Xavier and Shi, Elaine and Uzun, Ersin},
	Booktitle = {Financial Cryptography},
	Title = {{Bitter to Better --- How to Make Bitcoin a Better Currency}},
	Year = {2012}}

@misc{multibit,
	Author = {{MultiBit Team}},
	Howpublished = {\url{https://multibit.org}},
	Title = {{MultiBit}}}

@misc{pbkdf2,
	Author = {{RSA Laboratories}},
	Howpublished = {\url{http://tools.ietf.org/html/rfc2898}},
	Title = {{PBKDF2 (Password-Based Key Derivation Function 2)}}}

@misc{bip32,
	Author = {{Pieter Wuille}},
	Howpublished = {\url{https://github.com/genjix/bips/blob/master/bip-0032.md}},
	Title = {{BIP32: Hierarchical Deterministic Wallets}}}

@inproceedings{oechslin2003making,
	Author = {Oechslin, Philippe},
	Booktitle = {CRYPTO},
	Date-Modified = {2014-12-02 20:29:57 +0000},
	Title = {Making a faster cryptanalytic time-memory trade-off},
	Year = {2003}}

@inproceedings{HeuristicEvaluation,
	Author = {Nielsen, Jakob},
	Booktitle = {CHI},
	Date-Modified = {2014-12-02 20:29:40 +0000},
	Title = {Finding Usability Problems Through Heuristic Evaluation},
	Year = {1992}}

@misc{bitcoinqt,
	Author = {{Bitcoin Core Developers}},
	Howpublished = {\url{https://bitcoin.org}},
	Title = {{Bitcoin Core}}}

@misc{bitaddress,
	Author = {{Pointbiz}},
	Howpublished = {\url{https://bitaddress.org}},
	Title = {{JavaScript Client-Side Bitcoin Wallet Generator}}}

@misc{bitcoinarmory,
	Author = {{Armory}},
	Howpublished = {\url{https://bitcoinarmory.com}},
	Title = {{Armory Secure Wallet}}}

@misc{brainwallet,
	Author = {{brainwallet}},
	Howpublished = {\url{https://brainwallet.github.io/}},
	Title = {{Brainwallet}}}

@misc{blockchain,
	Author = {{Blockchain Team}},
	Howpublished = {\url{https://blockchain.info}},
	Title = {{My Wallet Be Your Own Bank}}}

@book{metaphorpaper,
	Author = {Carroll, J and Kellogg, W and Mack, R},
	Title = {Interface metaphors and user interface design},
	Year = {1987}}

@inproceedings{SSLSobey,
	Author = {Biddle, Robert and van Oorschot, P. C. and Patrick, Andrew S. and Sobey, Jennifer and Whalen, Tara},
	Booktitle = {CCSW},
	Date-Modified = {2014-12-02 20:29:45 +0000},
	Title = {Browser Interfaces and Extended Validation SSL Certificates: An Empirical Study},
	Year = {2009}}

@inproceedings{SPVbugs,
	Author = {Gervais, Arthur and Karame, Ghassan and Gruber, Damian and Capkun, Srdjan},
	Booktitle = {ACSAC},
	Publisher = {ACM},
	Title = {On the Privacy Provisions of Bloom Filters in Lightweight Bitcoin Clients},
	Year = {2014}}
